@article{2014arXiv1403.6015A,
   author = {{Ambikasaran}, S. and {Foreman-Mackey}, D. and {Greengard}, L. and  {Hogg}, D.~W. and {O'Neil}, M.},
    title = {{Fast Direct Methods for Gaussian Processes}},
  journal = {ArXiv e-prints},
archivePrefix = {arXiv},
   eprint = {1403.6015},
 primaryClass = {math.NA},
 keywords = {Mathematics - Numerical Analysis, Astrophysics - Instrumentation and Methods for Astrophysics, Mathematics - Statistics Theory},
     year = {2014},
   adsurl = {http://adsabs.harvard.edu/abs/2014arXiv1403.6015A},
  adsnote = {{Provided by the SAO/NASA Astrophysics Data System}}}

@article{Agashe:2014kda,
  Author = {Olive, K.A. and others},
  Collaboration = {Particle Data Group},
  Doi = {10.1088/1674-1137/38/9/090001},
  Journal = {Chin. Phys. C},
  Pages = {090001},
  Slaccitation = {%%CITATION = CHPHD,C38,090001;%%},
  Title = {{Review of Particle Physics}},
  Volume = {38},
  Year = {2014},
  Bdsk-Url-1 = {http://dx.doi.org/10.1088/1674-1137/38/9/090001}}

@article{Carlsson:2015vda,
  Archiveprefix = {arXiv},
  Author = {Carlsson, B.D. and Ekstr{\"o}m, A. and Forss{\'e}n, C. and Str{\"o}mberg, D. Fahlin and Lilja, O. and others},
  Eprint = {1506.02466},
  Primaryclass = {nucl-th},
  Slaccitation = {%%CITATION = ARXIV:1506.02466;%%},
  Title = {{Uncertainty analysis and order-by-order optimization of chiral nuclear interactions}},
  journal = {Phys. Rev. X},
    volume = {6},
    issue = {1},
    pages = {011019},
  Year = {2015}}

@article{Cox:1946,
  Author = {Cox, R. T.},
  Doi = {http://dx.doi.org/10.1119/1.1990764},
  Journal = {American Journal of Physics},
  Number = {1},
  Pages = {1-13},
  Title = {Probability, Frequency and Reasonable Expectation},
  Url = {http://scitation.aip.org/content/aapt/journal/ajp/14/1/10.1119/1.1990764},
  Volume = {14},
  Year = {1946},
  Bdsk-Url-1 = {http://scitation.aip.org/content/aapt/journal/ajp/14/1/10.1119/1.1990764},
  Bdsk-Url-2 = {http://dx.doi.org/10.1119/1.1990764}}

@article{David:2013gaa,
  Archiveprefix = {arXiv},
  Author = {David, Andr{\'e} and Passarino, Giampiero},
  Doi = {10.1016/j.physletb.2013.08.025},
  Eprint = {1307.1843},
  Journal = {Phys. Lett. B},
  Pages = {266-272},
  Slaccitation = {%%CITATION = ARXIV:1307.1843;%%},
  Title = {{How well can we guess theoretical uncertainties?}},
  Volume = {726},
  Year = {2013},
  Bdsk-Url-1 = {http://dx.doi.org/10.1016/j.physletb.2013.08.025}}

@article{Dobaczewski:2014jga,
  Archiveprefix = {arXiv},
  Author = {Dobaczewski, J. and Nazarewicz, W. and Reinhard, P.-G.},
  Doi = {10.1088/0954-3899/41/7/074001},
  Eprint = {1402.4657},
  Journal = {J. Phys. G},
  Pages = {074001},
  Primaryclass = {nucl-th},
  Reportnumber = {INT-PUB-14-004},
  Slaccitation = {%%CITATION = ARXIV:1402.4657;%%},
  Title = {{Error Estimates of Theoretical Models: a Guide}},
  Volume = {41},
  Year = {2014},
  Bdsk-Url-1 = {http://dx.doi.org/10.1088/0954-3899/41/7/074001}}

@article{Ekstrom:2013kea,
  Archiveprefix = {arXiv},
  Author = {Ekstr{\"o}m, A. and Baardsen, G. and Forss{\'e}n, C. and Hagen, G. and Hjorth-Jensen, M. and others},
  Doi = {10.1103/PhysRevLett.110.192502},
  Eprint = {1303.4674},
  Journal = {Phys. Rev. Lett.},
  Pages = {192502},
  Primaryclass = {nucl-th},
  Slaccitation = {%%CITATION = ARXIV:1303.4674;%%},
  Title = {{An optimized chiral nucleon-nucleon interaction at next-to-next-to-leading order}},
  Volume = {110},
  Year = {2013},
  Bdsk-Url-1 = {http://dx.doi.org/10.1103/PhysRevLett.110.192502}}

@article{Feroz:2008xx,
      author         = "Feroz, F. and Hobson, M. P. and Bridges, M.",
      title          = "{MultiNest: an efficient and robust Bayesian inference
                        tool for cosmology and particle physics}",
      journal        = "Mon. Not. Roy. Astron. Soc.",
      volume         = "398",
      year           = "2009",
      pages          = "1601-1614",
      doi            = "10.1111/j.1365-2966.2009.14548.x",
      eprint         = "0809.3437",
      archivePrefix  = "arXiv",
      primaryClass   = "astro-ph",
      SLACcitation   = "%%CITATION = ARXIV:0809.3437;%%"
}

@article{Feroz:2013hea,
      author         = "Feroz, F. and Hobson, M. P. and Cameron, E. and Pettitt,
                        A. N.",
      title          = "{Importance Nested Sampling and the MultiNest Algorithm}",
      year           = "2013",
      eprint         = "1306.2144",
      archivePrefix  = "arXiv",
      primaryClass   = "astro-ph.IM",
      SLACcitation   = "%%CITATION = ARXIV:1306.2144;%%"
}

@article{Foreman_Mackey:2013aa,
  Author = {Foreman-Mackey, Daniel and Hogg, David W. and Lang, Dustin and Goodman, Jonathan},
  Journal = {Publications of the Astronomical Society of the Pacific},
  Number = {925},
  Pages = {pp. 306-312},
  Title = {emcee: The MCMC Hammer},
  Url = {http://www.jstor.org/stable/10.1086/670067},
  Volume = {125},
  Year = {2013},
  Bdsk-Url-1 = {http://www.jstor.org/stable/10.1086/670067}}

@article{Furnstahl:2014xsa,
  Archiveprefix = {arXiv},
  Author = {Furnstahl, R. J. and Phillips, D. R. and Wesolowski, S.},
  Doi = {10.1088/0954-3899/42/3/034028},
  Eprint = {1407.0657},
  Journal = {J. Phys. G},
  Number = {3},
  Pages = {034028},
  Primaryclass = {nucl-th},
  Slaccitation = {%%CITATION = ARXIV:1407.0657;%%},
  Title = {{A recipe for EFT uncertainty quantification in nuclear physics}},
  Volume = {42},
  Year = {2015},
  Bdsk-Url-1 = {http://dx.doi.org/10.1088/0954-3899/42/3/034028}}

@article{Furnstahl:2015rha,
  Archiveprefix = {arXiv},
  Author = {Furnstahl, R. J. and Klco, N. and Phillips, D. R. and Wesolowski, S.},
  Doi = {10.1103/PhysRevC.92.024005},
  Eprint = {1506.01343},
  Journal = {Phys. Rev. C},
  Number = {2},
  Pages = {024005},
  Primaryclass = {nucl-th},
  Slaccitation = {%%CITATION = ARXIV:1506.01343;%%},
  Title = {{Quantifying truncation errors in effective field theory}},
  Volume = {92},
  Year = {2015},
  Bdsk-Url-1 = {http://dx.doi.org/10.1103/PhysRevC.92.024005}}

@article{Ghilencea:2012qk,
  Archiveprefix = {arXiv},
  Author = {Ghilencea, D.M. and Ross, G.G.},
  Doi = {10.1016/j.nuclphysb.2012.11.007},
  Eprint = {1208.0837},
  Journal = {Nucl. Phys. B},
  Pages = {65-74},
  Primaryclass = {hep-ph},
  Reportnumber = {CERN-PH-TH-2012-175},
  Slaccitation = {%%CITATION = ARXIV:1208.0837;%%},
  Title = {{The fine-tuning cost of the likelihood in SUSY models}},
  Volume = {868},
  Year = {2013},
  Bdsk-Url-1 = {http://dx.doi.org/10.1016/j.nuclphysb.2012.11.007}}

@article{Griesshammer:2015ahu,
  Archiveprefix = {arXiv},
  Author = {Griesshammer, Harald W. and McGovern, Judith A. and Phillips, Daniel R.},
  Eprint = {1511.01952},
  Primaryclass = {nucl-th},
  Slaccitation = {%%CITATION = ARXIV:1511.01952;%%},
  Title = {{Nucleon Polarisabilities at and Beyond Physical Pion Masses}},
  Year = {2015}}

@article{Higdon:2014tva,
  Archiveprefix = {arXiv},
  Author = {Higdon, Dave and McDonnell, Jordan D. and Schunck, Nicolas and Sarich, Jason and Wild, Stefan M},
  Doi = {10.1088/0954-3899/42/3/034009},
  Eprint = {1407.3017},
  Journal = {J. Phys. G},
  Number = {3},
  Pages = {034009},
  Primaryclass = {physics.data-an},
  Slaccitation = {%%CITATION = ARXIV:1407.3017;%%},
  Title = {{A Bayesian Approach for Parameter Estimation and Prediction using a Computationally Intensive Model}},
  Volume = {42},
  Year = {2015},
  Bdsk-Url-1 = {http://dx.doi.org/10.1088/0954-3899/42/3/034009}}

@article{Hou:2011jz,
  Archiveprefix = {arXiv},
  Author = {Hou, Fengji and Goodman, Jonathan and Hogg, David W. and Weare, Jonathan and Schwab, Christian},
  Doi = {10.1088/0004-637X/745/2/198},
  Eprint = {1104.2612},
  Journal = {Astrophys. J.},
  Pages = {198},
  Primaryclass = {astro-ph.IM},
  Slaccitation = {%%CITATION = ARXIV:1104.2612;%%},
  Title = {{An Affine-Invariant Sampler for Exoplanet Fitting and Discovery in Radial Velocity Data}},
  Volume = {745},
  Year = {2012},
  Bdsk-Url-1 = {http://dx.doi.org/10.1088/0004-637X/745/2/198}}

@article{Jones:1998:EGO:596070.596218,
 author = {Jones, Donald R. and Schonlau, Matthias and Welch, William J.},
 title = {{Efficient Global Optimization of Expensive Black-Box Functions}},
 journal = {J. of Global Optimization},
 volume = {13},
 number = {4},
 year = {1998},
 issue_date = {December 1998},
 url = {http://dx.doi.org/10.1023/A:1008306431147},
 doi = {10.1023/A:1008306431147},
 acmid = {596218},
 pages = {455--492},
 numpages = {38},
 issn = {0925-5001},
 publisher = {Kluwer Academic Publishers},
 address = {Hingham, MA, USA},
 keywords = {Bayesian global optimization, Kriging, Random function, Response surface, Stochastic process, Visualization}} 

@article{Konig:2011nz,
  Archiveprefix = {arXiv},
  Author = {Koenig, Sebastian and Lee, Dean and Hammer, H.-W.},
  Doi = {10.1103/PhysRevLett.107.112001},
  Eprint = {1103.4468},
  Journal = {Phys. Rev. Lett.},
  Pages = {112001},
  Primaryclass = {hep-lat},
  Slaccitation = {%%CITATION = ARXIV:1103.4468;%%},
  Title = {{Volume Dependence of Bound States with Angular Momentum}},
  Volume = {107},
  Year = {2011},
  Bdsk-Url-1 = {http://dx.doi.org/10.1103/PhysRevLett.107.112001}}

@article{Metropolis53,
  Author = {Nicholas Metropolis and Arianna W. Rosenbluth and Marshall N. Rosenbluth and Augusta H. Teller and Edward Teller},
  Journal = {Journal of Chemical Physics},
  Pages = {1087-1092},
  Title = {Equation of State Calculations by Fast Computing Machines},
  Volume = {21},
  Year = {1953}}

@article{Morningstar:2001je,
  Archiveprefix = {arXiv},
  Author = {Morningstar, Colin},
  Doi = {10.1016/S0920-5632(02)01413-5},
  Eprint = {hep-lat/0112023},
  Journal = {Nucl. Phys. Proc. Suppl.},
  Pages = {185-191},
  Primaryclass = {hep-lat},
  Slaccitation = {%%CITATION = HEP-LAT/0112023;%%},
  Title = {{Bayesian curve fitting for lattice gauge theorists}},
  Volume = {109A},
  Year = {2002},
  Bdsk-Url-1 = {http://dx.doi.org/10.1016/S0920-5632(02)01413-5}}

@article{Perez:2015ufa,
  Archiveprefix = {arXiv},
  Author = {P{\'e}rez, E. A. Coello and Papenbrock, T.},
  Doi = {10.1103/PhysRevC.92.064309},
  Eprint = {1510.02401},
  Journal = {Phys. Rev. C},
  Pages = {064309},
  Primaryclass = {nucl-th},
  Slaccitation = {%%CITATION = ARXIV:1510.02401;%%},
  Title = {{Effective field theory for nuclear vibrations with quantified uncertainties}},
  Volume = {92},
  Year = {2015},
  Bdsk-Url-1 = {http://dx.doi.org/10.1103/PhysRevC.92.064309}}

@article{Rieping:2005,
  Author = {Rieping, W. and Habeck, M. and Nilges, M.},
  Doi = {10.1126/science.1110428},
  Journal = {Science},
  Pages = {303-306},
  Title = {{Inferential Structure Determination}},
  Volume = {309},
  Year = {2005},
  Bdsk-Url-1 = {http://dx.doi.org/10.1126/science.1110428}}

@article{Roszkowski:2012uf,
  Archiveprefix = {arXiv},
  Author = {Roszkowski, Leszek and Sessolo, Enrico Maria and Tsai, Yue-Lin Sming},
  Doi = {10.1103/PhysRevD.86.095005},
  Eprint = {1202.1503},
  Journal = {Phys. Rev. D},
  Pages = {095005},
  Primaryclass = {hep-ph},
  Slaccitation = {%%CITATION = ARXIV:1202.1503;%%},
  Title = {{Bayesian Implications of Current LHC Supersymmetry and Dark Matter Detection Searches for the Constrained MSSM}},
  Volume = {86},
  Year = {2012},
  Bdsk-Url-1 = {http://dx.doi.org/10.1103/PhysRevD.86.095005}}

@article{Schindler:2008fh,
  Archiveprefix = {arXiv},
  Author = {Schindler, Matthias R. and Phillips, Daniel R.},
  Doi = {10.1016/j.aop.2008.09.003, 10.1016/j.aop.2009.05.007},
  Eprint = {0808.3643},
  Journal = {Annals Phys.},
  Pages = {682-708},
  Primaryclass = {hep-ph},
  Slaccitation = {%%CITATION = ARXIV:0808.3643;%%},
  Title = {{Bayesian Methods for Parameter Estimation in Effective Field Theories}},
  Volume = {324},
  Year = {2009},
  Bdsk-Url-1 = {http://dx.doi.org/10.1016/j.aop.2008.09.003,%2010.1016/j.aop.2009.05.007}}

@article{Schindler:2008fherratum,
  Archiveprefix = {arXiv},
  Author = {Schindler, Matthias R. and Phillips, Daniel R.},
  Doi = {10.1016/j.aop.2009.05.007},
  Journal = {Annals Phys.},
  Pages = {2051-2055},
  Primaryclass = {hep-ph},
  Slaccitation = {%%CITATION = ARXIV:0808.3643;%%},
  Title = {{Erratum to: Bayesian Methods for Parameter Estimation in Effective Field Theories}},
  Volume = {324},
  Year = {2009},
  Bdsk-Url-1 = {http://dx.doi.org/10.1016/j.aop.2008.09.003,%2010.1016/j.aop.2009.05.007}}

@article{Skilling2006,
author = "Skilling, John",
doi = "10.1214/06-BA127",
fjournal = "Bayesian Analysis",
journal = "Bayesian Anal.",
number = "4",
pages = "833--859",
publisher = "International Society for Bayesian Analysis",
title = "Nested sampling for general Bayesian computation",
url = "http://dx.doi.org/10.1214/06-BA127",
volume = "1",
year = "2006"
}

@article{Stump:2001gu,
  Archiveprefix = {arXiv},
  Author = {Stump, D. and others},
  Doi = {10.1103/PhysRevD.65.014012},
  Eprint = {hep-ph/0101051},
  Journal = {Phys. Rev. D},
  Pages = {014012},
  Primaryclass = {hep-ph},
  Reportnumber = {MSU-HEP-07102, CERN-TH-2000-359},
  Slaccitation = {%%CITATION = HEP-PH/0101051;%%},
  Title = {{Uncertainties of predictions from parton distribution functions. 1. The Lagrange multiplier method}},
  Volume = {65},
  Year = {2001},
  Bdsk-Url-1 = {http://dx.doi.org/10.1103/PhysRevD.65.014012}}

@article{Trotta:2008qt,
  Archiveprefix = {arXiv},
  Author = {Trotta, Roberto},
  Doi = {10.1080/00107510802066753},
  Eprint = {0803.4089},
  Journal = {Contemp. Phys.},
  Pages = {71-104},
  Primaryclass = {astro-ph},
  Slaccitation = {%%CITATION = ARXIV:0803.4089;%%},
  Title = {{Bayes in the sky: Bayesian inference and model selection in cosmology}},
  Volume = {49},
  Year = {2008},
  Bdsk-Url-1 = {http://dx.doi.org/10.1080/00107510802066753}}

@article{Wesolowski:2015fqa,
      author         = "Wesolowski, S. and Klco, N. and Furnstahl, R. J. and
                        Phillips, D. R. and Thapaliya, A.",
      title          = "{Bayesian parameter estimation for effective field
                        theories}",
      year           = "2015",
      eprint         = "1511.03618",
      archivePrefix  = "arXiv",
      primaryClass   = "nucl-th",
      SLACcitation   = "%%CITATION = ARXIV:1511.03618;%%"
}

@article{Zhang:2015ajn,
  Archiveprefix = {arXiv},
  Author = {Zhang, Xilin and Nollett, Kenneth M. and Phillips, D. R.},
  Doi = {10.1016/j.physletb.2015.11.005},
  Eprint = {1507.07239},
  Journal = {Phys. Lett. B},
  Pages = {535-540},
  Primaryclass = {nucl-th},
  Reportnumber = {INT-PUB-15-033},
  Slaccitation = {%%CITATION = ARXIV:1507.07239;%%},
  Title = {{Halo effective field theory constrains the solar $^7$Be + p → $^8$B + γ rate}},
  Volume = {751},
  Year = {2015},
  Bdsk-Url-1 = {http://dx.doi.org/10.1016/j.physletb.2015.11.005}}

@book{Cox:1961,
  Author = {Cox, Richard Threlkeld},
  Publisher = {Johns Hopkins University Press},
  Title = {The Algebra of Probable Inference},
  Year = {1961}}

@book{Gelman03,
  Author = {Andrew Gelman and John B. Carlin and Hal S. Stern and Donald B. Rubin},
  Isbn = {158488388X},
  Publisher = {Chapman and Hall/CRC},
  Title = {Bayesian Data Analysis},
  Year = {2003}}

@book{Gregory:2005,
  Author = {Gregory, Phil},
  Publisher = {Cambridge University Press},
  Title = {Bayesian Logical Data Analysis for the Physical Sciences},
  Year = {2005}}

@book{Jaynes:2003,
  Author = {Jaynes, Edward Thompson},
  Publisher = {Cambridge University Press},
  Title = {Probability Theory: The Logic of Science},
  Year = {2003}}

@book{Jeffreys:1939,
  Author = {H.~Jeffreys},
  Publisher = {Clarendon Press},
  Title = {Theory of Probability},
  Year = {1939}}

@book{Sivia:2006,
  Author = {Sivia, D. and Skilling, J.},
  Publisher = {Oxford University Press},
  Title = {Data Analysis: A Bayesian Tutorial},
  Year = {2006}}

@book{deFinetti:1974,
  Author = {B. de Finetti},
  Publisher = {Wiley},
  Title = {Theory of Probability: A Critical Introductory Treatment},
  Year = {1974}}

@book{hobson2010bayesian,
  title={Bayesian Methods in Cosmology},
  author={Hobson, M.P.},
  isbn={9780521887946},
  lccn={2009035034},
  series={Bayesian Methods in Cosmology},
  url={https://books.google.com/books?id=RzehSUtgxvsC},
  year={2010},
  publisher={Cambridge University Press}
}

@misc{dan_foreman_mackey_2014_11020,
  Author = {Dan Foreman-Mackey and Adrian Price-Whelan and Geoffrey Ryan and Emily and Michael Smith and Kyle Barbary and David W. Hogg and Brendon J. Brewer},
  Doi = {10.5281/zenodo.11020},
  Title = {corner.py v1.0.0},
  Url = {http://dx.doi.org/10.5281/zenodo.11020},
  Year = 2014,
  Bdsk-Url-1 = {http://dx.doi.org/10.5281/zenodo.11020}}

@inproceedings{Griesshammer:2015osb,
  Archiveprefix = {arXiv},
  Author = {Griesshammer, Harald W.},
  Booktitle = {{8th International Workshop on Chiral Dynamics (CD 2015) Pisa, Italy, June 29-July 3, 2015}},
  Eprint = {1511.00490},
  Primaryclass = {nucl-th},
  Slaccitation = {%%CITATION = ARXIV:1511.00490;%%},
  Title = {{Assessing Theory Uncertainties in EFT Power Countings from Residual Cutoff Dependence}},
  Url = {http://inspirehep.net/record/1402387/files/arXiv:1511.00490.pdf},
  Year = {2015},
  Bdsk-Url-1 = {http://inspirehep.net/record/1402387/files/arXiv:1511.00490.pdf}}

@inproceedings{Skilling04,
   author = {{Skilling}, J.},
    title = "{Nested Sampling}",
booktitle = {American Institute of Physics Conference Series},
     year = 2004,
   editor = {{Fischer}, R. and {Preuss}, R. and {Toussaint}, U.~V.},
    pages = {395-405},
      doi = {10.1063/1.1835238},
     url = "http://www.inference.phy.cam.ac.uk/bayesys/"
}
